
@article{moltres_alex,
	title = {Introduction to Moltres: An application for simulation of Molten Salt
Reactors},
	language = {en},
	journal = {Final Report},
	author = {A. Lindsay},
	year = {2017},
	pages = {11},
}
